<record><leader>00000cas a22000007a 4500</leader><controlfield tag="001">13506316</controlfield><controlfield tag="008">860429d19271927nvuer ne      0    0eng d</controlfield><datafield ind1=" " ind2=" " tag="010"><subfield code="a">sn 86076069 </subfield></datafield><datafield ind1=" " ind2=" " tag="040"><subfield code="a">NNX</subfield><subfield code="b">eng</subfield><subfield code="c">NNX</subfield><subfield code="d">OCLCQ</subfield></datafield><datafield ind1=" " ind2=" " tag="042"><subfield code="a">msc</subfield></datafield><datafield ind1="0" ind2=" " tag="130"><subfield code="a">Western miner (Reno, Nev. : 1927)</subfield></datafield><datafield ind1="1" ind2="0" tag="245"><subfield code="a">Western miner.</subfield></datafield><datafield ind1=" " ind2=" " tag="260"><subfield code="a">Reno, Nev. :</subfield><subfield code="b">F.L. Miner,</subfield><subfield code="c">1927.</subfield></datafield><datafield ind1=" " ind2=" " tag="300"><subfield code="a">1 v. :</subfield><subfield code="b">ill.</subfield></datafield><datafield ind1=" " ind2=" " tag="310"><subfield code="a">Biweekly</subfield></datafield><datafield ind1="0" ind2=" " tag="362"><subfield code="a">Vol. 5, no. 1 (Mar. 15, 1927)-v. 5, no. 5 (May 10, 1927).</subfield></datafield><datafield ind1=" " ind2=" " tag="752"><subfield code="a">United States</subfield><subfield code="b">Nevada</subfield><subfield code="c">Washoe</subfield><subfield code="d">Reno.</subfield></datafield><datafield ind1="0" ind2="0" tag="780"><subfield code="t">Western miner (Reno, Nev. : 1915)</subfield><subfield code="w">(DLC)sn 86076070</subfield><subfield code="w">(OCoLC)13506269</subfield></datafield></record>